@article{postnikov05_permut_assoc_beyon,
  author =       {Postnikov, Alexander},
  title =        {Permutohedra, Associahedra, and Beyond},
  journal =      {CoRR},
  year =         2005,
  url =          {http://arxiv.org/abs/math/0507163v1},
  abstract =     {The volume and the number of lattice points of the
                  permutohedron P_n are given by certain multivariate
                  polynomials that have remarkable combinatorial properties. We
                  give several different formulas for these polynomials. We also
                  study a more general class of polytopes that includes the
                  permutohedron, the associahedron, the cyclohedron, the
                  Pitman-Stanley polytope, and various generalized associahedra
                  related to wonderful compactifications of De Concini-Procesi.
                  These polytopes are constructed as Minkowski sums of
                  simplices. We calculate their volumes and describe their
                  combinatorial structure. The coefficients of monomials in Vol
                  P_n are certain positive integer numbers, which we call the
                  mixed Eulerian numbers. These numbers are equal to the mixed
                  volumes of hypersimplices. Various specializations of these
                  numbers give the usual Eulerian numbers, the Catalan numbers,
                  the numbers (n+1)^{n-1} of trees, the binomial coefficients,
                  etc. We calculate the mixed Eulerian numbers using certain
                  binary trees. Many results are extended to an arbitrary Weyl
                  group.},
  archivePrefix ={arXiv},
  eprint =       {math/0507163},
  primaryClass = {math.CO},
}

@article{ardila08_matroid_polyt_their_volum,
  author =       {Ardila, Federico and Benedetti, Carolina and Doker, Jeffrey},
  title =        {Matroid Polytopes and Their Volumes},
  journal =      {CoRR},
  year =         2008,
  url =          {http://arxiv.org/abs/0810.3947v3},
  abstract =     {We express the matroid polytope $P_M$ of a matroid $M$ as a
                  signed Minkowski sum of simplices, and obtain a formula for
                  the volume of $P_M$. This gives a combinatorial expression for
                  the degree of an arbitrary torus orbit closure in the
                  Grassmannian $Gr_{k,n}$. We then derive analogous results for
                  the independent set polytope and the associated flag matroid
                  polytope of $M$. Our proofs are based on a natural extension
                  of Postnikov's theory of generalized permutohedra.},
  archivePrefix ={arXiv},
  eprint =       {0810.3947},
  primaryClass = {math.CO},
}

@book{ziegler95_lectur_polyt,
  author =       {Ziegler, G{\"u}nter M.},
  title =        {Lectures on Polytopes},
  year =         1995,
  publisher =    {Springer New York},
  url =          {https://doi.org/10.1007/978-1-4613-8431-1},
  DATE_ADDED =   {Sat May 6 07:44:59 2017},
  doi =          {10.1007/978-1-4613-8431-1},
  pages =        {nil},
  series =       {Graduate Texts in Mathematics},
}

@article{bruggesser72_shellable,
  title={Shellable decompositions of cells and spheres},
  author={Bruggesser, Heinz and Mani, Peter},
  journal={Mathematica Scandinavica},
  volume={29},
  number={2},
  pages={197--205},
  year={1972},
  publisher={JSTOR}
}

@book{humpreys90_reflection_groups,
  author =       {James E. Humphreys},
  title =        {Reflection groups and coxeter groups},
  year =         1990,
  publisher =    {Cambridge University Press},
  url =          {http://www.worldcat.org/oclc/21197578?referer=xid},
  city =         {Cambridge},
  ed =           {1. paperback ed. (with corr.), reprinted.},
  form =         {BB},
  isbn =         {052137510X},
  lang =         {eng},
  lccn =         {90001432 93109267},
  oclcnum =      {21197578 246865394 247683831 258374211 439137658 465172853
                  468540903 471806124 502336531 638330020 749772882 801932442
                  804036010 859643045 21081902 263202707 264026134 29960394
                  489749302 718203599 850746978 872661596},
}

@article{morton07_convex_rank_tests_semig,
  author =       {Morton, Jason and Pachter, Lior and Shiu, Anne and Sturmfels,
                  Bernd and Wienand, Oliver},
  title =        {Convex Rank Tests and Semigraphoids},
  journal =      {CoRR},
  year =         2007,
  url =          {http://arxiv.org/abs/math/0702564v2},
  abstract =     {Convex rank tests are partitions of the symmetric group which
                  have desirable geometric properties. The statistical tests
                  defined by such partitions involve counting all permutations
                  in the equivalence classes. Each class consists of the linear
                  extensions of a partially ordered set specified by data. Our
                  methods refine existing rank tests of non-parametric
                  statistics, such as the sign test and the runs test, and are
                  useful for exploratory analysis of ordinal data. We establish
                  a bijection between convex rank tests and probabilistic
                  conditional independence structures known as semigraphoids.
                  The subclass of submodular rank tests is derived from faces of
                  the cone of submodular functions, or from Minkowski summands
                  of the permutohedron. We enumerate all small instances of such
                  rank tests. Of particular interest are graphical tests, which
                  correspond to both graphical models and to graph
                  associahedra.},
  archivePrefix ={arXiv},
  eprint =       {math/0702564},
  primaryClass = {math.CO},
}

@book{bjorner99_oriented_matr,
  author =       {Anders Bj{\"o}rner and Las Vergnas, Michel and Sturmfels, Bernd and White, Neil and Ziegler, G{\"u}nter M.},
  title =        {Oriented matroids},
  year =         1999,
  publisher =    {Cambridge University Press},
  url =          {http://www.worldcat.org/oclc/318263141?referer=xid},
  city =         {Cambridge, England},
  ed =           {2nd ed.},
  form =         {BC},
  isbn =         {052177750X},
  lang =         {eng},
  lccn =         00709563,
  oclcnum =      {318263141 43031751 440360917 468555346 476909235 632660028
                  799227803 803097170 807814618 850010970 776950824},
}

@article{rota64_mobius_func,
  title={On the foundations of combinatorial theory I. Theory of M{\"o}bius Functions},
  author={Rota, Gian-Carlo},
  journal={Zeitschrift f{\"u}r Wahrscheinlichkeitstheorie und Verwandte Gebiete},
  volume={2},
  number={4},
  pages={340--368},
  year={1964},
  publisher={Springer}
}

@incollection{lovasz1983submodular,
  title={Submodular functions and convexity},
  author={Lov{\'a}sz, L{\'a}szl{\'o}},
  booktitle={Mathematical Programming The State of the Art},
  pages={235--257},
  year={1983},
  publisher={Springer}
}

@book{fujishige05_submodular,
  author =       {Satoru Fujishige},
  title =        {Submodular functions and optimization},
  year =         2005,
  publisher =    {Elsevier},
  url =          {http://www.worldcat.org/oclc/132545329?referer=xid},
  city =         {Boston},
  ed =           {2nd ed.},
  form =         {BA DA},
  isbn =         0444520864,
  lang =         {eng},
  lccn =         2005051368,
  oclcnum =      {132545329 162587044 224701022 255332704 300389074 475061311
                  60667936 639092763 731730862 775117301 779920395 782258114
                  804737585 807343335 840393288 878582750 224411301},
}

@article{nguyen78_semimodular,
  title={Semimodular functions and combinatorial geometries},
  author={Nguyen, Hien Quang},
  journal={Transactions of the American mathematical society},
  volume={238},
  pages={355--383},
  year={1978}
}

@incollection{rockafellar1983generalized,
  title={Generalized subgradients in mathematical programming},
  author={Rockafellar, RT},
  booktitle={Mathematical Programming The State of the Art},
  pages={368--390},
  year={1983},
  publisher={Springer}
}


@book{rockafellar72_convex_analysis,
  author =       {R. Tyrrell Rockafellar},
  title =        {Convex analysis},
  year =         1972,
  publisher =    {Princeton Univ. Press},
  url =          {http://www.worldcat.org/oclc/256403160?referer=xid},
  city =         {Princeton, NJ},
  ed =           {2. print.},
  form =         {BA},
  isbn =         0691080690,
  lang =         {eng},
  lccn =         68056318,
  oclcnum =      {256403160 37202405 422377695 438375600 472779638 636537778
                  637328036 64619 716203362 780474018 799170848 802401270
                  802560423 803108393 816944752 833626489 848707384 853033159
                  875537563},
}

@article{postnikov06_faces_gener_permut,
  author =       {Postnikov, Alexander and Reiner, Victor and Williams, Lauren},
  title =        {Faces of Generalized Permutohedra},
  journal =      {CoRR},
  year =         2006,
  url =          {http://arxiv.org/abs/math/0609184v2},
  abstract =     {The aim of the paper is to calculate face numbers of simple
                  generalized permutohedra, and study their f-, h- and
                  gamma-vectors. These polytopes include permutohedra,
                  associahedra, graph-associahedra, simple graphic zonotopes,
                  nestohedra, and other interesting polytopes. We give several
                  explicit formulas for h-vectors and gamma-vectors involving
                  descent statistics. This includes a combinatorial
                  interpretation for gamma-vectors of a large class of
                  generalized permutohedra which are flag simple polytopes, and
                  confirms for them Gal's conjecture on nonnegativity of
                  gamma-vectors. We calculate explicit generating functions and
                  formulae for h-polynomials of various families of
                  graph-associahedra, including those corresponding to all
                  Dynkin diagrams of finite and affine types. We also discuss
                  relations with Narayana numbers and with Simon Newcomb's
                  problem. We give (and conjecture) upper and lower bounds for
                  f-, h-, and gamma-vectors within several classes of
                  generalized permutohedra. An appendix discusses the
                  equivalence of various notions of deformations of simple
                  polytopes.},
  archivePrefix ={arXiv},
  eprint =       {math/0609184v2},
  primaryClass = {math.CO},
}

@article{altmann1997versal,
  title={The versal deformation of an isolated toric Gorenstein singularity},
  author={Altmann, Klaus},
  journal={Inventiones mathematicae},
  volume={128},
  number={3},
  pages={443--479},
  year={1997},
  publisher={Springer}
}

@book{oda85_convex_bodies,
  author={Tadao Oda},
  city={Berlin [u.a.]},
  ed={Elektronische Ressource},
  form={BA},
  isbn={3540176004},
  lang={eng},
  lccn={87016338},
  oclcnum={257114945 439792562 468200012 471879014 59838496 638779609 797137061 801868562 807094530 839671309 874726978 16079539 246406504 424086193 834710051},
  originalLang={jpn},
  publisher={Springer},
  title={Convex bodies and algebraic geometry : an introduction to the theory of toric varieties},
  url={http://www.worldcat.org/oclc/257114945?referer=xid},
  year={1985},
}

@book{schrijver86_theory_of_ilp,
  author={Alexander Schrijver},
  city={Chichester},
  ed={Repr.},
  form={BA},
  isbn={0471908541},
  lang={eng},
  lccn={85012314},
  oclcnum={12215661 180486789 18758661 255448068 258371641 258753426 263624092 423375523 456027795 464121286 468006822 476104577 492986132 612729101 633943341 634711282 693424030 751073278 754873359 781672979 797021989 802550454 803224391 804044239 816919673 850854857 857136630},
  publisher={Wiley},
  title={Theory of linear and integer programming},
  url={http://www.worldcat.org/oclc/12215661?referer=xid},
  year={1986},
}

@phdthesis{valby2006category,
  title={A category of polytopes},
  author={Valby, Lawrence Vincent},
  year={2006},
  school={Reed College}
}

@article{ando1996characterization,
  title={A characterization of bisubmodular functions},
  author={Ando, Kazutoshi and Fujishige, Satoru and Naitoh, Takeshi},
  journal={Discrete Mathematics},
  volume={148},
  number={1-3},
  pages={299--303},
  year={1996},
  publisher={Elsevier}
}

@book{anders05_combin_coxet,
  author =       {Anders Bj{\"o}rner and Francesco Brenti},
  title =        {Combinatorics of Coxeter groups},
  year =         2005,
  publisher =    {Springer},
  url =          {http://www.worldcat.org/oclc/186751981?referer=xid},
  city =         {Berlin},
  ed =           {[Online-Ausg.].},
  form =         {BA},
  isbn =         {3-540-44238-3},
  lang =         {eng},
  lccn =         2005923334,
  oclcnum =      {186751981 254531891 318403558 440796580 470518984 475009943
                  60343319 612726477 615473039 749462412 761264159 803552654
                  813503895 849018809 861054062 262681080 316332124 804632932},
}

@article{pukhlikov1993finitely,
  title={Finitely additive measures of virtual polytopes},
  author={Pukhlikov, AV and Khovanskii, AG},
  journal={St. Petersburg Math. J},
  volume={4},
  number={2},
  pages={337--356},
  year={1993}
}

